@article{KEYNES,
Author = {Keynes, John Maynard},
Year = {1936},
address = {Book VI - Short Notes Suggested by the General Theory},
pages = {5},
title = {The General Theory of Employment, Interest and Money},
}

@article{HUMPHREY,
Author = {HUMPHREY, John William and OLESON, John Peter and SHERWOOD, Andrew Neil},
Year = {1997},
address = {0},
journal = {Routledge},
pages = {487},
title = {Greek and Roman technology},
}

@article{GOLDBERG,
Author = {Dror Goldberg},
Year = {2005},
address = {0},
journal = {Journal of Money, Credit and Banking.},
pages = {957-967},
title = {Famous Myths of "Fiat Money"},
}

@online{GARROD,
	author = {Chris Garrod},
	title = {Why is Crypto so important and should I care?},
	year = {2018},
	note = {Acesso em: 24 de julho de 2021},
	url = {https://www.conyers.com/publications/view/why-is-crypto-so-important-and-should-i-care/},note = {Acesso em: 07 de agosto de 2021} 
}

@online{COINBASE,
  author = {Coinbase},
  title = {Preço de Bitcoin},
  year = 2021,
  url = {https://www.coinbase.com/pt/price/bitcoin},
  note = {Acesso em: 13 de julho de 2021} 
}

@online{KRUNGMAN,
	Author = {Krugman, Paul R.},
	Year = {1984},
	address = {National Bureau of Economic Research, Inc},
	journal = {Education and Information Technologies},
	title = {The International Role of the Dollar: Theory and Prospect},	
	url ={http://ideas.repec.org/h/nbr/nberch/6838.html},
	note = {Acesso em: 30 de junho de 2021} 
}

@online{MISESA,
	Author = {Mises, Ludwig Von},
	Year = {1912},
	address = {Ludwig von Mises Institute},
	journal = {Edição online de [2010] },
	title = {The Theory of Money and Credit},	
	url = {. http://mises.org/resources/194.},
	note = {Acesso em: 30 de junho de 2021} 
}

@online{OXDIC,
	Author = {{OXFORD UNIVERSITY PRESS}},
	Year = {2021},
	title = {Oxford Learners Dictionary},	
	url = {https://www.oxfordlearnersdictionaries.com/us/definition/english/cryptography},
	note = {Acesso em: 22 de junho de 2021} 
}

@article{RIVEST,
Author = {Rivest, Ronald L.},
Year = {1990},
journal = {"Criptografia", em J. Van Leeuwen (ed.). Handbook of Theoretical Computer Science},
title = {Handbook of Theoretical Computer Science},
}

@report{OCDE,
	Author = {OCDE},
	Year = {2005},
	address = {},
	title = {Recommendation on Principles and Good Practices
For Financial Education and Awareness},
	URL = {https://www.oecd.org/finance/financial-education/35108560.pdf},
	note = {Acesso em: 15 de junho de 2021} 	
}

@article{ORTON,
	Author = {ORTON,L.},
	Year = {2017},
	address = {Canadian Policy Research Network - CPRN Research Report.},
	title = {Financial Litery: Lessons From International Experience},
}

@article{NAKAMOTO,
	Author = {NAKAMOTO,S.},
	Year = {2008},
	url = {https://bitcoin.org/bitcoin.pdf},
	title = { Bitcoin: A Peer-to-Peer Electronic Cash System.},
	addendum = {Acesso em: 10 de novembro de 2021}
}

@article{CHINA,
	Author = {Liuliang Yu and Hong Yu},
	Year = {2004},
	address = {Long River Press},
	title = {Chinese Coins: Money in History and Society},	
}

@online{LLION,
	Author = {{NATIONAL GEOGRAPHIC}},
	title = {Grandes reportagens: as primeiras moedas da historia},
	Year = {2020},
	url  = {https://nationalgeographic.pt/historia/grandes-reportagens/2099-as-primeiras-moedas-da-historia},
	addendum = {Acesso em: 10 de novembro de 2021},
}

@online{LMAP,
	author = {Heinrich Kiepert},
	title = {Lycaonia. Asia citerior.},
	Year = {2013},
	url  = {https://pt.wikipedia.org/wiki/Lídia#/media/Ficheiro:Heinrich_Kiepert._Asia_citerior.Lydia.jpg},
	addendum = {Acesso em: 10 de novembro de 2021},
}

@online{BRIT,
	author = {Amy Tikkanen},
	title = {A Brief (and Fascinating) History of Money},
	Year = {2020},
	url  = {https://www.britannica.com/story/a-brief-and-fascinating-history-of-money},
	addendum = {Acesso em: 21 de novembro de 2021},
}

@online{TODAMAT,
	author = {Juliana Bezerra},
	title = {Mercantilismo},
	Year = {2020},
	url  = {https://www.todamateria.com.br/mercantilismo/},
	addendum = {Acesso em: 04 de dezembro de 2021},
}

@online{BRIT2,
	author = {David Grenville and John Sellwood},
	Year = {2019},
	title = {Coinage In Western Continental Europe, Africa, And The Byzantine Empire},
	url  = {https://www.britannica.com/topic/coin/Charlemagne-and-the-Carolingian-coinages},
	addendum = {Acesso em: 21 de novembro de 2021},
}

@online{CANADA,
	author = {{BANK OF CANADA}},
	Year = {2019},
	title = {A History of the Canadian Dollar - New France},
	url  = {https://www.bankofcanada.ca/wp-content/uploads/2010/07/1600-1770.pdf},
	addendum = {Acesso em: 21 de novembro de 2021},
}

@misc{WHIM,
	author = {Whimsical},
	Year = {2021},
	title = {Where Great Ideas Take Shape},
	url = {https://www.whimsical.com},
	note = {Acesso em: 21 de setembro de 2021}
}

@misc{MINER,
	author = {{MINERSTAT OÜ}},
	Year = {2021},
	title = {Crypto Mining Monitor and Management Software},
	url = {https://minerstat.com},
	note = {Acesso em: 28 de setembro de 2021}
}
  
@misc{WTM,
	author = {Whattomine},
	year = {2020},
	title = {Crypto coins mining profit calculator},
	url = {https://www.whattomine.com},
	note = {Acesso em: 30 de setembro de 2021}
}

@misc{NICE,
	author = {Nicehash},
	year = {2021},
	title = {Leading Cryptocurrency Platform},
	url = {https://www.nicehash.com},
	note = {Acesso em: 14 de julho de 2021}
}

@misc{DICIONUM,
	year = {2011},
	author = {7GRAUS},
	title = {Numismática - Dicio, Dicionário Online de Português},
	url = {https://www.dicio.com.br/numismatica},
	note = {Acesso em: 02 de dezembro de 2021}
}

@misc{PRIBERAM1,
	author = {PRIBERAM},
	year = {2021},
	title = {Cunhagem - Dicionário Online Priberam de Português},
	url = {https://dicionario.priberam.org/cunhagem},
	note = {Acesso em: 02 de dezembro de 2021}
}

@misc{MONTEREY,
	author = {Monterey, Company},
	year = {2021},
	title = {The Oldest Coin in the World},
	url = {https://www.montereycompany.com/the-oldest-coin-in-the-world/},
	note = {Acesso em: 05 de novembro de 2021}
}

@misc{BBC1,
	author = {PEIXOTO, Fabrícia},
	year = {2010},
	title = {BBC - Ministros do G20 discutem 'guerra cambial'},
	url = {https://www.bbc.com/portuguese/noticias/2010/10/101008_entenda_guerra_cambial},
	note = {Acesso em: 25 de novembro de 2021}
}

@misc{CAESAR,
	author = {Retroworks},
	year = {2021},
	title = {Caesar Cipher Medallion Original Retroworks},
	url = {https://www.amazon.com/Retroworks-Classic-Caesar-Medallion-Decoder/dp/B004D1L0B0},
	note = {Acesso em: 04 de dezembro de 2021}
}

@misc{BTCPROJ,
	author = {{THE BITCOIN PROJECT}},
	year = {2021},
	title = {Bitcoin - Open source P2P money},
	url = {https://bitcoin.org/en/faq},
	note = {Acesso em: 11 de dezembro de 2021}
}
  
@misc{INVPD1,
	author = {JAKE FRANKENFIELD},
	year = {2021},
	title = {Proof of Work (PoW)},
	url = {https://www.investopedia.com/terms/p/proof-work.asp},
	note = {Acesso em: 12 de dezembro de 2021}
}
  
@misc{NP,
	author = {NPARTNERS},
	year = {2021},
	title = {A questão legal da utilização de criptomoedas no Brasil},
	url = {https://nplaw.com.br/criptomoedas-legislacao-brasil/},
	note = {Acesso em: 10 de dezembro de 2021}
}

@misc{B3,
	author = {Rodrigo Tolotti},
	year = {2021},
	title = {B3 detalha planos para custódia de criptomoedas, tokenização e ETF de cripto em 2022},
	url = {https://www.infomoney.com.br/mercados/b3-detalha-planos-para-custodia-de-criptomoedas-tokenizacao-e-etf-de-cripto-em-2022/},
	note = {Acesso em: 15 de dezembro de 2021}
}
 
@misc{JORNALBR,
	author = {JORNAL BRASIL},
	year = {2021},
	title = {Câmara dos Deputados aprova lei para regulamentar criptomoedas no Brasil},
	url = {https://www.jb.com.br/economia/criptomoedas/2021/12/1034557-camara-dos-deputados-aprova-lei-para-regulamentar-criptomoedas-no-brasil.html},
	note = {Acesso em: 11 de dezembro de 2021}
}
  
@misc{UOL,
	author = {Thais Barcellos},
	year = {2021},
	title = {Banco Central prepara moeda virtual para 2022},
	url = {https://economia.uol.com.br/noticias/estadao-conteudo/2021/12/05/banco-central-prepara-moeda-virtual-para-2022.htm},
	note = {Acesso em: 13 de dezembro de 2021}
}
  
@misc{DINO,
	author = {{AGÊNCIA DINO}},
	year = {2021},
	title = {99\% dos brasileiros não conseguem passar em uma avaliação de conhecimento básico de criptomoedas},
	url = {http://www.broadcast.com.br/cadernos/releases/?id=YStWbG8rNHl1MGhzRG5TZ1p2RXJUQT09},
	note = {Acesso em: 02 de novembro de 2021}
}
  
@misc{PROG2,
	author = {{PROGRAMAÇÃO PROGRESSIVA}},
	year = {2021},
	title = {Computação Distribuída: Introdução e exemplos de uso},
	url ={https://www.programacaoprogressiva.net/2012/08/computacao-distribuida-introducao-e.html},
	note = {Acesso em: 02 de outubro de 2021}
}

@misc{CUNHA,
	author = {Climaco Cunha},
	year = {2011},
	title = {Medidas antigas e presentes},
	url ={https://www.programacaoprogressiva.net/2012/08/computacao-distribuida-introducao-e.html},
	note = {Acesso em: 20 de dezembro de 2021}
}  
  
@misc{LEGER,
	author = {Jonathan Leger},
	year = {2019},
	title = {Um olhar sobre os Sistemas Imperial e de Unidades Usuais dos EUA de Pesos e Medidas},
	url ={https://www.convert-me.com/pt/Imperial_and_US_Customary_Systems_Of_Weights_And_Measures.html},
	note = {Acesso em: 17 de dezembro de 2021}
}
  
@misc{QUARTZ,
	author = {Eshe Nelson},
	year = {2018},
	title = {The world’s first ATM was installed this week in 1967. Are the cash machine’s days numbered?},
	url ={https://qz.com/1316814/the-worlds-first-atm-was-installed-this-week-in-1967-are-its-days-numbered/},
	note = {Acesso em: 19 de dezembro de 2021}
}

@misc{CTECH,
	author = {CANALTECH},
	year = {2020},
	title = {A empresa Paypal},
	url ={https://canaltech.com.br/empresa/paypal/},
	note = {Acesso em: 19 de dezembro de 2021}
}
  
@misc{BCB,
	author = {{BANCO CENTRAL DO BRASIL}},
	year = {2002},
	title = {CIRCULAR Nº 3.115 de 23 \slash 04 \slash 2002},
	url ={https://www.bcb.gov.br/pre/normativos/busca/downloadNormativo.asp?arquivo=/Lists/Normativos/Attachments/46887/Circ_3115_v5_P.pdf},
	note = {Acesso em: 25 de dezembro de 2021}
}  
  
@article{BIBLE1,
	Author = {{BÍBLIA SAGRADA (ACF)}},
	Year = {1994},
	title = {Edição Almeida Corrigida Fiel},
	address = {Português},	
}

@article{BIBLE2,
	Author = {{BÍBLIA SAGRADA (GNB)}},
	Year = {1966},
	address = {Inglês},	
	title = {Good News Bible},
}

@misc{PROMOBIT,
	author = {Rafael Oliveira},
	year = {2021},
	title = {Como funciona a taxação de produtos importados},
	url ={https://www.promobit.com.br/blog/como-funciona-a-taxacao-de-produtos-importados-297/},
	note = {Acesso em: 25 de dezembro de 2021}
}  

@book{WALLSTREET,
	author = {Aaron Brown},
	year = {2011},
	title = {The Poker Face of Wall Street},
	publisher = {Wiley},
	url = {https://ztcprep.com/library/Cryptocurrency/The_Poker_Face_of_Wall_Street/The_Poker_Face_of_Wall_Street_(www.ztcprep.com).pdf},
	note = {Acesso em: 25 de dezembro de 2021}
}

@online{SANBORN,
	author = {Jim Sanborn},
	title = {Notes about Kryptos and Cyrillic Project.},
	year = {2003},
	note = {Acesso em: 25 de dezembro de 2021},
	url = {https://mathweb.ucsd.edu/~crypto/Projects/IrinaDubova/Mynotes.htm} 
}

@misc{TECHCRUNCH,
	author = {Jonathan Shieber},
	year = {2017},
	title = {Fidelity CEO Abigail Johnson says the company is mining cryptocurrencies},
	url ={https://techcrunch.com/2017/09/28/fidelity-ceo-abigail-johnson-says-the-company-is-mining-cryptocurrencies/},
	note = {Acesso em: 25 de dezembro de 2021}
}  

@misc{TEXAS,
	author = {{TEXAS REPUBLIC BANK}},
	year = {2019},
	title = {Origin of Paper Money},
	url ={https://texasrepublicbank.com/origin-of-paper-money/},
	note = {Acesso em: 28 de dezembro de 2021}
} 

@misc{KENTON,
	author = {Will Kenton},
	year = {2021},
	title = {IOU},
	url ={https://www.investopedia.com/terms/i/iou.asp},
	note = {Acesso em: 28 de dezembro de 2021}
} 

@misc{DOMINA,
	author = {{DOMINA CONCURSOS}},
	year = {2021},
	title = {Os Bancos Na Era Digital},
	url ={https://pt.scribd.com/document/523085562/01-Os-bancos-na-Era-Digital},
	note = {Acesso em: 28 de dezembro de 2021}
} 